
    <zs:record>
      <zs:recordSchema/>
      <zs:recordPacking>xml</zs:recordPacking>
      <zs:recordData>
        <record xmlns="http://www.loc.gov/MARC21/slim">
          <leader>05953cam a22004934a 4500</leader>
          <controlfield tag="001">14217613</controlfield>
          <controlfield tag="005">20180420144053.0</controlfield>
          <controlfield tag="008">060103s2007    nyua     b    001 0 eng  </controlfield>
          <datafield tag="906" ind1=" " ind2=" ">
            <subfield code="a">7</subfield>
            <subfield code="b">cbc</subfield>
            <subfield code="c">orignew</subfield>
            <subfield code="d">1</subfield>
            <subfield code="e">ocip</subfield>
            <subfield code="f">20</subfield>
            <subfield code="g">y-gencatlg</subfield>
          </datafield>
          <datafield tag="925" ind1="0" ind2=" ">
            <subfield code="a">acquire</subfield>
            <subfield code="b">1 shelf copy</subfield>
            <subfield code="x">policy default</subfield>
          </datafield>
          <datafield tag="925" ind1="1" ind2=" ">
            <subfield code="a">acquire</subfield>
            <subfield code="b">2 shelf copies</subfield>
            <subfield code="x">policy default</subfield>
          </datafield>
          <datafield tag="955" ind1=" " ind2=" ">
            <subfield code="a">pc20 2006-01-03 to ASCD</subfield>
            <subfield code="i">jc14 2006-01-04</subfield>
            <subfield code="e">jc14 2006-01-04 to Dewey</subfield>
            <subfield code="a">aa27 2006-01-05</subfield>
            <subfield code="a">ps04 2006-10-17 1 copy rec'd., to CIP ver.</subfield>
            <subfield code="a">jb00 2006-10-27</subfield>
            <subfield code="f">jb17 2006-11-02 Z-CipVer</subfield>
            <subfield code="g">jb17 2006-11-02 to BCCD</subfield>
            <subfield code="a">dj25 2007-04-13 copy 2 added</subfield>
          </datafield>
          <datafield tag="010" ind1=" " ind2=" ">
            <subfield code="a">  2006041880</subfield>
          </datafield>
          <datafield tag="020" ind1=" " ind2=" ">
            <subfield code="a">0071443312 (softcover)</subfield>
          </datafield>
          <datafield tag="020" ind1=" " ind2=" ">
            <subfield code="a">9780071443319</subfield>
          </datafield>
          <datafield tag="035" ind1=" " ind2=" ">
            <subfield code="a">(OCoLC)ocm62805046</subfield>
          </datafield>
          <datafield tag="040" ind1=" " ind2=" ">
            <subfield code="a">DLC</subfield>
            <subfield code="c">DLC</subfield>
            <subfield code="d">YDXCP</subfield>
            <subfield code="d">BAKER</subfield>
            <subfield code="d">COU</subfield>
            <subfield code="d">OCLCQ</subfield>
            <subfield code="d">DLC</subfield>
          </datafield>
          <datafield tag="042" ind1=" " ind2=" ">
            <subfield code="a">pcc</subfield>
          </datafield>
          <datafield tag="043" ind1=" " ind2=" ">
            <subfield code="a">n-us---</subfield>
          </datafield>
          <datafield tag="050" ind1="0" ind2="0">
            <subfield code="a">RA418.5.P6</subfield>
            <subfield code="b">M437 2007</subfield>
          </datafield>
          <datafield tag="082" ind1="0" ind2="0">
            <subfield code="a">362.1/0425</subfield>
            <subfield code="2">22</subfield>
          </datafield>
          <datafield tag="245" ind1="0" ind2="0">
            <subfield code="a">Medical management of vulnerable and underserved patients :</subfield>
            <subfield code="b">principles, practice, and populations /</subfield>
            <subfield code="c">[edited by] Talmadge E. King, Jr., Margaret B. Wheeler.</subfield>
          </datafield>
          <datafield tag="260" ind1=" " ind2=" ">
            <subfield code="a">New York :</subfield>
            <subfield code="b">McGraw-Hill Medical Pub. Division,</subfield>
            <subfield code="c">c2007.</subfield>
          </datafield>
          <datafield tag="300" ind1=" " ind2=" ">
            <subfield code="a">xviii, 454 p. :</subfield>
            <subfield code="b">ill. ;</subfield>
            <subfield code="c">28 cm.</subfield>
          </datafield>
          <datafield tag="504" ind1=" " ind2=" ">
            <subfield code="a">Includes bibliographical references and index.</subfield>
          </datafield>
          <datafield tag="505" ind1="0" ind2=" ">
            <subfield code="a">Vulnerable populations and health disparities: an overview / Kevin Grumbach ... [et al.] -- Health care disparities: an overview / Andrew B. Bindman, Kevin Grumbach, and Talmadge E. King, Jr. -- Financing and organization of healthcare for vulnerable populations / Virginia W. Huang and Christopher B. Forrest -- Legal issues in the care of underserved populations / Sara Rosenbaum and Sara E. Wilensky -- Principles in the ethical care of underserved patients / Bernard Lo -- Creating a context for effective intervention in the clinical care of vulnerable patients / Dean Schillinger, Teresa J. Villela, and George William Saba -- Promoting behavior change / Daniel S. Lessler and Christopher Dunn -- Assessing and promoting medical adherence / Kirsten Bibbins-Domingo and M. Robin DiMatteo -- Navigating cross-cultural communication / JudyAnn Bigby -- Improving the effectiveness of patient education: a focus on limited health literacy / Michael K. Paasche-Orlow and Ruth M. Parker -- The home visit/mobile outreach / Dan Wlodarczyk and Margaret B. Wheeler -- Group medical visits for underserved populations / Hali Hammer -- Applying interactive health technologies for vulnerable populations / John D. Piette and Dean Schillinger -- Applying principles and practice of quality improvement to better care for the underserved / Gordon D. Schiff and Seijeoung Kim -- Case management/multidisciplinary care models / Michelle Schneidermann and Alicia Fernandez -- Health and the community / Naomi Wortis, Ellen Beck, and Joanne Donsky -- Underserved children: preventing chronic illness and promoting health / Patricia Barreto, Victor H. Perez, and Neal Halfon -- Adolescence and its vulnerabilities / William B. Shore, Margaret A. Scott, and Ellen M. Scarr -- The family as the context for care / George William Saba and Teresa J. Villela -- The hidden poor: care of the elderly / Helen Chen and C. Seth Landefeld -- Work, living environment, and health / Janet Victoria Diaz and John R. Balmes -- Care of the dying patient / Lavera M. Crawley -- Clinical care for persons with a history of incarceration / Emily A. Wang, Jacqueline P. Tulsky, and Mary C. White -- Care of the homeless patient / Margot Kushel and Sharad Jain -- Immigrant health issues / Susana Morales -- Providing care to patients who speak limited English / Alice Hm Chen and Elizabeth A. Jacobs -- Sexuality and vulnerability: the care of lesbian and gay patients / Anne Rosenthal and Allison Diamant -- The medical treatment of patients with psychiatric illness / Douglas R. Price-Hanson -- Women's health: reproduction and beyond in poor women / Elizabeth Harleman and Jody Steinauer -- Intimate partner violence / Leigh Kimberg -- Obesity as a clinical and social problem / Ann Smith Barnes, Marisa Rogers, and Cam-Tu Tran -- Chronic pain management in vulnerable populations / Michael B. Potter, Yeva M. Johnson, and Barry D. Zevin -- Principles of caring for alcohol and drug users / Alexander Y. Walley and F. Joseph Roll -- Tobacco use / Clemens Hong ... [et al.] -- Dental care: the forgotten need / Matthew Nealon and Francisco Ramos-Gomez -- Chronic disease / Margaret B. Wheeler, Teresa J. Villela, and Thomas S. Bodenheimer -- Disability and patients with disabilities / Margot Kushel and Lisa I. Iezzoni -- HIV/AIDS: impact on vulnerable populations / Meg D. Newman and Margaret B. Wheeler -- Care of ill socially complicated patients in the hospital / Jeffrey M. Critchfield and Mark V. Williams -- Caring for oneself while caring for others / Lee Lipsenthal -- Advocacy / Thomas P. O'Toole.</subfield>
          </datafield>
          <datafield tag="650" ind1=" " ind2="0">
            <subfield code="a">Poor</subfield>
            <subfield code="x">Medical care</subfield>
            <subfield code="z">United States.</subfield>
          </datafield>
          <datafield tag="650" ind1=" " ind2="0">
            <subfield code="a">Medically uninsured persons</subfield>
            <subfield code="x">Medical care</subfield>
            <subfield code="z">United States.</subfield>
          </datafield>
          <datafield tag="650" ind1=" " ind2="0">
            <subfield code="a">People with social disabilities</subfield>
            <subfield code="x">Medical care</subfield>
            <subfield code="z">United States.</subfield>
          </datafield>
          <datafield tag="650" ind1=" " ind2="0">
            <subfield code="a">Health services accessibility</subfield>
            <subfield code="z">United States.</subfield>
          </datafield>
          <datafield tag="650" ind1=" " ind2="0">
            <subfield code="a">Community health services</subfield>
            <subfield code="z">United States.</subfield>
          </datafield>
          <datafield tag="650" ind1="1" ind2="2">
            <subfield code="a">Vulnerable Populations</subfield>
            <subfield code="z">United States.</subfield>
          </datafield>
          <datafield tag="650" ind1="2" ind2="2">
            <subfield code="a">Delivery of Health Care</subfield>
            <subfield code="z">United States.</subfield>
          </datafield>
          <datafield tag="650" ind1="2" ind2="2">
            <subfield code="a">Health Services Accessibility</subfield>
            <subfield code="z">United States.</subfield>
          </datafield>
          <datafield tag="650" ind1="2" ind2="2">
            <subfield code="a">Community Health Services</subfield>
            <subfield code="z">United States.</subfield>
          </datafield>
          <datafield tag="650" ind1="2" ind2="2">
            <subfield code="a">Minority Groups</subfield>
            <subfield code="z">United States.</subfield>
          </datafield>
          <datafield tag="650" ind1="2" ind2="2">
            <subfield code="a">Patient Advocacy</subfield>
            <subfield code="z">United States.</subfield>
          </datafield>
          <datafield tag="650" ind1="2" ind2="2">
            <subfield code="a">Medical Indigency</subfield>
            <subfield code="z">United States.</subfield>
          </datafield>
          <datafield tag="650" ind1="2" ind2="2">
            <subfield code="a">Health Services Needs and Demand</subfield>
            <subfield code="z">United States.</subfield>
          </datafield>
          <datafield tag="700" ind1="1" ind2=" ">
            <subfield code="a">King, Talmadge E.</subfield>
          </datafield>
          <datafield tag="700" ind1="1" ind2=" ">
            <subfield code="a">Wheeler, Margaret B.</subfield>
          </datafield>
          <datafield tag="856" ind1="4" ind2="2">
            <subfield code="3">Contributor biographical information</subfield>
            <subfield code="u">http://www.loc.gov/catdir/enhancements/fy0629/2006041880-b.html</subfield>
          </datafield>
          <datafield tag="856" ind1="4" ind2="2">
            <subfield code="3">Publisher description</subfield>
            <subfield code="u">http://www.loc.gov/catdir/enhancements/fy0629/2006041880-d.html</subfield>
          </datafield>
          <datafield tag="856" ind1="4" ind2="1">
            <subfield code="3">Table of contents only</subfield>
            <subfield code="u">http://www.loc.gov/catdir/enhancements/fy0629/2006041880-t.html</subfield>
          </datafield>
        </record>
      </zs:recordData>
      <zs:recordPosition>2</zs:recordPosition>
    </zs:record>